@article{Flores2005,
  doi = {10.1016/s1698-6989(05)70022-9},
  url = {https://doi.org/10.1016/s1698-6989(05)70022-9},
  year = {2005},
  month = jan,
  publisher = {Asociacion Espanola De Historia Economica},
  volume = {1},
  number = {3},
  pages = {135--176},
  author = {Flores, Luis B{\'e}rtola},
  title = {A50 a{\~{n}}os de la curva de Kuznets: Crecimiento econ{\'{o}}mico y distribuci{\'{o}}n del ingreso en Uruguay y otras econom{\'{\i}}as de nuevo asentamiento desde 1870},
  journal = {Investigaciones de Historia Econ{\'{o}}mica}
}

@article{saldana2013arroz,
  title={Arroz con mango: A prop{\'o}sito de la comida peruana y la identidad},
  author={Salda{\~n}a, Eduardo E Zapata},
  journal={Pozo de Letras},
  volume={11},
  number={11},
  year={2013}
}
